@article{amrutha2022mechanism,
  title={Mechanism of Spiral Wave Unpinning in the Belousov--Zhabotinsky Reaction with a DC Electric Field},
  author={Amrutha, SV and Sebastian, Anupama and Sibeesh, Puthiyapurayil and Punacha, Shreyas and Shajahan, TK},
  journal={The Journal of Physical Chemistry C},
  volume={126},
  number={46},
  pages={19618--19626},
  year={2022},
  publisher={ACS Publications}
}
@article{tan2020topological,
  title={Topological turbulence in the membrane of a living cell},
  author={Tan, Tzer Han and Liu, Jinghui and Miller, Pearson W and Tekant, Melis and Dunkel, J{\"o}rn and Fakhri, Nikta},
  journal={Nature Physics},
  volume={16},
  number={6},
  pages={657--662},
  year={2020},
  publisher={Nature Publishing Group UK London}
}
@article{yu2012reentrant,
  title={Reentrant spiral waves of spreading depression cause macular degeneration in hypoglycemic chicken retina},
  author={Yu, Yufei and Santos, Laura M and Mattiace, Linda A and Costa, Manoel L and Ferreira, Luciano C and Benabou, Kelly and Kim, Ana H and Abrahams, John and Bennett, Michael VL and Rozental, Renato},
  journal={Proceedings of the National Academy of Sciences},
  volume={109},
  number={7},
  pages={2585--2589},
  year={2012},
  publisher={National Acad Sciences}
}
@article{rostami2018defects,
  title={Defects formation and spiral waves in a network of neurons in presence of electromagnetic induction},
  author={Rostami, Zahra and Jafari, Sajad},
  journal={Cognitive Neurodynamics},
  volume={12},
  pages={235--254},
  year={2018},
  publisher={Springer}
}
@article{kappadan2020high,
  title={High-resolution optical measurement of cardiac restitution, contraction, and fibrillation dynamics in beating vs. blebbistatin-uncoupled isolated rabbit hearts},
  author={Kappadan, Vineesh and Telele, Saba and Uzelac, Ilija and Fenton, Flavio and Parlitz, Ulrich and Luther, Stefan and Christoph, Jan},
  journal={Frontiers in Physiology},
  volume={11},
  pages={464},
  year={2020},
  publisher={Frontiers Media SA}
}
@article{bhattacharya2019controlling,
  title={Controlling excitable wave behaviors through the tuning of three parameters},
  author={Bhattacharya, Sayak and Iglesias, Pablo A},
  journal={Biological cybernetics},
  volume={113},
  number={1-2},
  pages={61--70},
  year={2019},
  publisher={Springer}
}
@article{kundu2021amplitude,
  title={Amplitude-mediated spiral chimera pattern in a nonlinear reaction-diffusion system},
  author={Kundu, Srilena and Muruganandam, Paulsamy and Ghosh, Dibakar and Lakshmanan, M},
  journal={Physical Review E},
  volume={103},
  number={6},
  pages={062209},
  year={2021},
  publisher={APS}
}
@article{punacha2020theory,
  title={Theory of unpinning of spiral waves using circularly polarized electric fields in mathematical models of excitable media},
  author={Punacha, Shreyas and Shajahan, TK and others},
  journal={Physical Review E},
  volume={102},
  number={3},
  pages={032411},
  year={2020},
  publisher={APS}
}
@article{lebert2023reconstruction,
  title={Reconstruction of three-dimensional scroll waves in excitable media from two-dimensional observations using deep neural networks},
  author={Lebert, Jan and Mittal, Meenakshi and Christoph, Jan},
  journal={Physical Review E},
  volume={107},
  number={1},
  pages={014221},
  year={2023},
  publisher={APS}
}
@article{sv2023theory,
  title={Theory and experiments of spiral unpinning in the Belousov-Zhabotinsky reaction using a circularly polarized electric field},
  author={SV, Amrutha and Sebastian, Anupama and Sibeesh, Puthiyapurayil and Punacha, Shreyas and Shajahan, TK},
  journal={arXiv preprint arXiv:2301.01040},
  year={2023}
}
@article{steinbock1992electric,
  title={Electric-field-induced drift and deformation of spiral waves in an excitable medium},
  author={Steinbock, O and Sch{\"u}tze, J and M{\"u}ller, SC},
  journal={Physical review letters},
  volume={68},
  number={2},
  pages={248},
  year={1992},
  publisher={APS}
}
@article{ji2013experimental,
  title={Experimental evidence of using a circularly polarized electric field to control spiral turbulence},
  author={Ji, Lin and Zhou, Yi and Li, Qian and Qiao, Chun and Ouyang, Qi},
  journal={Physical Review E},
  volume={88},
  number={4},
  pages={042919},
  year={2013},
  publisher={APS}
}
@article{jimenez2013electric,
  title={Electric-field-controlled unpinning of scroll waves},
  author={Jim{\'e}nez, Zulma A and Zhang, Zhihui and Steinbock, Oliver},
  journal={Physical Review E},
  volume={88},
  number={5},
  pages={052918},
  year={2013},
  publisher={APS}
}
@article{sutthiopad2014unpinning,
  title={Unpinning of spiral waves by electrical forcing in excitable chemical media},
  author={Sutthiopad, Malee and Luengviriya, Jiraporn and Porjai, Porramain and Tomapatanaget, Boosayarat and M{\"u}ller, Stefan C and Luengviriya, Chaiya},
  journal={Physical Review E},
  volume={89},
  number={5},
  pages={052902},
  year={2014},
  publisher={APS}
}
@article{porjai2016electrically,
  title={Electrically forced unpinning of spiral waves from circular and rectangular obstacles},
  author={Porjai, Porramain and Sutthiopad, Malee and Luengviriya, Jiraporn and Phantu, Metinee and M{\"u}ller, Stefan C and Luengviriya, Chaiya},
  journal={Chemical Physics Letters},
  volume={660},
  pages={283--286},
  year={2016},
  publisher={Elsevier}
}
@article{suematsu2018evolution,
  title={Evolution of Self-Propelled Objects: From the Viewpoint of Nonlinear Science},
  author={Suematsu, Nobuhiko J and Nakata, Satoshi},
  journal={Chemistry--A European Journal},
  volume={24},
  number={24},
  pages={6308--6324},
  year={2018},
  publisher={Wiley Online Library}
}
@article{kumar2021fast,
  title={Fast-Moving Self-Propelled Droplets of a Nanocatalyzed Belousov--Zhabotinsky Reaction},
  author={Kumar, D Jaya Prasanna and Borkar, Chaitra and Dayal, Pratyush},
  journal={Langmuir},
  volume={37},
  number={43},
  pages={12586--12595},
  year={2021},
  publisher={ACS Publications}
}
@article{steinbock1996chemical,
  title={Chemical wave logic gates},
  author={Steinbock, Oliver and Kettunen, Petteri and Showalter, Kenneth},
  journal={The Journal of Physical Chemistry},
  volume={100},
  number={49},
  pages={18970--18975},
  year={1996},
  publisher={ACS Publications}
}
@article{gruenert2013multi,
  title={Multi-scale modelling of computers made from excitable chemical droplets.},
  author={Gruenert, Gerd and Szymanski, Jan and Holley, Julian and Escuela, Gabi and Diem, Alexandra and Ibrahim, Bashar and Adamatzky, Andrew and Gorecki, Jerzy and Dittrich, Peter and others},
  journal={Int. J. Unconv. Comput.},
  volume={9},
  number={3-4},
  pages={237--266},
  year={2013}
}

@article{oddy2004method,
  title={A method for determining electrophoretic and electroosmotic mobilities using AC and DC electric field particle displacements},
  author={Oddy, MH and Santiago, JG},
  journal={Journal of colloid and interface science},
  volume={269},
  number={1},
  pages={192--204},
  year={2004},
  publisher={Elsevier}
}

@article{de2013open,
  title={An open-source, FireWire camera-based, Labview-controlled image acquisition system for automated, dynamic pupillometry and blink detection},
  author={De Souza, John Kennedy Schettino and da Silva Pinto, Marcos Antonio and Vieira, Pedro Gabrielle and Baron, Jerome and Tierra-Criollo, Carlos Julio},
  journal={Computer methods and programs in biomedicine},
  volume={112},
  number={3},
  pages={607--623},
  year={2013},
  publisher={Elsevier}
}

@article{sosnowski1997rapid,
  title={Rapid determination of single base mismatch mutations in DNA hybrids by direct electric field control},
  author={Sosnowski, Ronald G and Tu, Eugene and Butler, William F and Oâ€™Connell, James P and Heller, Michael J},
  journal={Proceedings of the National Academy of Sciences},
  volume={94},
  number={4},
  pages={1119--1123},
  year={1997},
  publisher={National Acad Sciences}
}

@inproceedings{musunuri2009ventricular,
  title={Ventricular defibrillation combining DC electrical field and electrical pacing: an optical mapping study},
  author={Musunuri, Sai Shruthi and Tang, Liang and Joung, Boyoung and Berbari, Edward J and Lin, Shien-Fong},
  booktitle={Imaging, Manipulation, and Analysis of Biomolecules, Cells, and Tissues VII},
  volume={7182},
  pages={228--235},
  year={2009},
  organization={SPIE}
}

@article{avila2013segmentation,
  title={Segmentation of the thoracic aorta in noncontrast cardiac CT images},
  author={Avila-Montes, Olga C and Kurkure, Uday and Nakazato, Ryo and Berman, Daniel S and Dey, Damini and Kakadiaris, Ioannis A},
  journal={IEEE journal of biomedical and health informatics},
  volume={17},
  number={5},
  pages={936--949},
  year={2013},
  publisher={IEEE}
}

@article{lynch2008segmentation,
  title={Segmentation of the left ventricle of the heart in 3-D+ t MRI data using an optimized nonrigid temporal model},
  author={Lynch, Michael and Ghita, Ovidiu and Whelan, Paul F},
  journal={IEEE Transactions on Medical Imaging},
  volume={27},
  number={2},
  pages={195--203},
  year={2008},
  publisher={IEEE}
}
@article{bruser2012automatic,
  title={Automatic detection of atrial fibrillation in cardiac vibration signals},
  author={Bruser, Christoph and Diesel, Jasper and Zink, Matthias DH and Winter, Stefan and Schauerte, Patrick and Leonhardt, Steffen},
  journal={IEEE journal of biomedical and health informatics},
  volume={17},
  number={1},
  pages={162--171},
  year={2012},
  publisher={IEEE}
}

@inproceedings{reddy2015development,
  title={Development of LabVIEW based data acquisition unit for Compact photometer for terrestrial and planetary emissions},
  author={Reddy, B Madhava and Elamaran, V and Vineeth, C and Pant, TK},
  booktitle={2015 International Conference on Robotics, Automation, Control and Embedded Systems (RACE)},
  pages={1--5},
  year={2015},
  organization={IEEE}
}